<record><leader>00000cas a22000007a 4500</leader><controlfield tag="001">11661281</controlfield><controlfield tag="008">850205d18301838pauwr ne      0    0eng d</controlfield><controlfield tag="009">148</controlfield><datafield ind1=" " ind2=" " tag="010"><subfield code="a">sn 85054087 </subfield></datafield><datafield ind1=" " ind2=" " tag="040"><subfield code="a">NYG</subfield><subfield code="b">eng</subfield><subfield code="c">NYG</subfield><subfield code="d">NPY</subfield><subfield code="d">NPH</subfield><subfield code="d">NPA</subfield><subfield code="d">NPX</subfield><subfield code="d">NPH</subfield><subfield code="d">DLC</subfield><subfield code="d">CNK</subfield></datafield><datafield ind1="1" ind2=" " tag="029"><subfield code="a">AU@</subfield><subfield code="b">000025794874</subfield></datafield><datafield ind1=" " ind2=" " tag="042"><subfield code="a">msc</subfield></datafield><datafield ind1="0" ind2="0" tag="050"><subfield code="a">Newspaper 9628</subfield></datafield><datafield ind1="0" ind2="4" tag="245"><subfield code="a">The Village record, and general advertiser.</subfield></datafield><datafield ind1="1" ind2="3" tag="246"><subfield code="a">Village record</subfield></datafield><datafield ind1=" " ind2=" " tag="260"><subfield code="a">West-Chester, Pa. :</subfield><subfield code="b">Asher &amp; Charles Miner,</subfield><subfield code="c">1830-1838.</subfield></datafield><datafield ind1=" " ind2=" " tag="300"><subfield code="a">v. :</subfield><subfield code="b">ill. ;</subfield><subfield code="c">53-59 cm.</subfield></datafield><datafield ind1=" " ind2=" " tag="310"><subfield code="a">Weekly</subfield></datafield><datafield ind1="0" ind2=" " tag="362"><subfield code="a">Vol. 13, no. 657 (Mar.3, 1830)-    ;    -v. 21, whole no. 1087 (June 5, 1838).</subfield></datafield><datafield ind1=" " ind2=" " tag="500"><subfield code="a">Publisher: Henry S. Evans, &lt;1837&gt;.</subfield></datafield><datafield ind1=" " ind2=" " tag="515"><subfield code="a">Issues numbered v. 20, whole no. 1025-v. 21, whole no. 1087 called also new ser., v. 4, no. 1-v. 5, no. 11.</subfield></datafield><datafield ind1=" " ind2=" " tag="752"><subfield code="a">United States</subfield><subfield code="b">Pennsylvania</subfield><subfield code="c">Chester</subfield><subfield code="d">West Chester.</subfield></datafield><datafield ind1="0" ind2="0" tag="780"><subfield code="t">Village record, or Chester, Delaware and Montgomery advertiser</subfield><subfield code="w">(DLC)sn 86054026</subfield></datafield><datafield ind1="0" ind2="0" tag="785"><subfield code="t">Village record (West Chester, Pa. : 1838)</subfield><subfield code="w">(DLC)sn 85054088</subfield></datafield></record>